<?xml version="1.0" encoding="UTF-8"?><collection xmlns="http://www.loc.gov/MARC21/slim"><record><leader>00459nam--2200133-i-4500</leader><controlfield tag="001">000016720</controlfield><controlfield tag="002">20161230</controlfield><controlfield tag="005">20161230201031</controlfield><controlfield tag="008">060222s1000------------r-----000-0-eng-d</controlfield><datafield ind1=" " ind2=" " tag="080"><subfield code="a">621.039.58(094)</subfield></datafield><datafield ind1=" " ind2=" " tag="245"><subfield code="a">Convention sur la notification rapide d`un accident nucleaire et convention sur l`assista nce en cas d`accident nucleaire ou de situatio n d`urgence radiologique</subfield></datafield><datafield ind1=" " ind2=" " tag="260"><subfield code="a">Vienna, Iaea, 1988 138 P</subfield></datafield><datafield ind1=" " ind2=" " tag="490"><subfield code="a">Collection Juridique</subfield></datafield><datafield ind1=" " ind2=" " tag="852"><subfield code="a">24340</subfield></datafield></record></collection>